% bib
@article{yoon2015earthquake,
	title={Earthquake detection through computationally efficient similarity search},
	author={Yoon, Clara E and O'Reilly, Ossian and Bergen, Karianne J and Beroza, Gregory C},
	journal={Science advances},
	volume={1},
	number={11},
	pages={e1501057},
	year={2015},
	publisher={American Association for the Advancement of Science}
}

% CNN
@article{perol2018convolutional,
	title={Convolutional neural network for earthquake detection and location},
	author={Perol, Thibaut and Gharbi, Micha{\"e}l and Denolle, Marine},
	journal={Science Advances},
	volume={4},
	number={2},
	pages={e1700578},
	year={2018},
	publisher={American Association for the Advancement of Science}
}